[gd_scene load_steps=5 format=2]

[ext_resource path="res://Assets/Worlds/TestWorldEnv.tres" type="Environment" id=1]
[ext_resource path="res://Assets/Cars/Car3/Car3.tscn" type="PackedScene" id=2]

[sub_resource type="CubeMesh" id=1]

[sub_resource type="ConvexPolygonShape" id=2]
points = PoolVector3Array( -1, 1, 1, 1, 1, -1, 1, 1, 1, -1, 1, -1, -1, -1, 1, 1, -1, -1, 1, -1, 1, -1, -1, -1, 1, 1, 1, -1, 1, -1, 1, 1, -1, -1, 1, 1, 1, -1, 1, -1, -1, -1, 1, -1, -1, -1, -1, 1, 1, 1, 1, -1, -1, 1, -1, 1, 1, 1, -1, 1, 1, 1, -1, -1, -1, -1, -1, 1, -1, 1, -1, -1 )

[node name="TestWorld" type="Spatial"]

[node name="MeshInstance" type="MeshInstance" parent="."]
editor/display_folded = true
transform = Transform( 100, 0, 0, 0, 0.1, 0, 0, 0, 1000, 0, 0, 0 )
use_in_baked_light = true
mesh = SubResource( 1 )
material/0 = null

[node name="StaticBody" type="StaticBody" parent="MeshInstance"]

[node name="CollisionShape" type="CollisionShape" parent="MeshInstance/StaticBody"]
shape = SubResource( 2 )

[node name="MeshInstance2" type="MeshInstance" parent="."]
editor/display_folded = true
transform = Transform( 95.5693, -0.0294366, 0, 29.4366, 0.0955693, 0, 0, 0, 100, 186.655, 16.6273, 0 )
use_in_baked_light = true
mesh = SubResource( 1 )
material/0 = null

[node name="StaticBody" type="StaticBody" parent="MeshInstance2"]

[node name="CollisionShape" type="CollisionShape" parent="MeshInstance2/StaticBody"]
shape = SubResource( 2 )

[node name="MeshInstance3" type="MeshInstance" parent="."]
editor/display_folded = true
transform = Transform( 79.5335, -0.060617, 0, 60.617, 0.0795335, 0, 0, 0, 100, 333.353, 70.8847, 0 )
use_in_baked_light = true
mesh = SubResource( 1 )
material/0 = null

[node name="StaticBody" type="StaticBody" parent="MeshInstance3"]

[node name="CollisionShape" type="CollisionShape" parent="MeshInstance3/StaticBody"]
shape = SubResource( 2 )

[node name="MeshInstance4" type="MeshInstance" parent="."]
editor/display_folded = true
transform = Transform( 56.6416, -0.082412, 0, 82.412, 0.0566416, 0, 0, 0, 100, 456.188, 185.688, 0 )
use_in_baked_light = true
mesh = SubResource( 1 )
material/0 = null

[node name="StaticBody" type="StaticBody" parent="MeshInstance4"]

[node name="CollisionShape" type="CollisionShape" parent="MeshInstance4/StaticBody"]
shape = SubResource( 2 )

[node name="MeshInstance5" type="MeshInstance" parent="."]
editor/display_folded = true
transform = Transform( 31.8731, -0.0947845, 0, 94.7845, 0.0318731, 0, 0, 0, 100, 533.385, 321.991, 0 )
use_in_baked_light = true
mesh = SubResource( 1 )
material/0 = null

[node name="StaticBody" type="StaticBody" parent="MeshInstance5"]

[node name="CollisionShape" type="CollisionShape" parent="MeshInstance5/StaticBody"]
shape = SubResource( 2 )

[node name="MeshInstance6" type="MeshInstance" parent="."]
editor/display_folded = true
transform = Transform( 17.3648, -0.0984808, 0, 98.4808, 0.0173648, 0, 0, 0, 100, 580.866, 490.808, 0 )
use_in_baked_light = true
mesh = SubResource( 1 )
material/0 = null

[node name="StaticBody" type="StaticBody" parent="MeshInstance6"]

[node name="CollisionShape" type="CollisionShape" parent="MeshInstance6/StaticBody"]
shape = SubResource( 2 )

[node name="MeshInstance7" type="MeshInstance" parent="."]
editor/display_folded = true
transform = Transform( 8.71558, -0.0996195, 0, 99.6195, 0.00871558, 0, 0, 0, 100, 590.869, 563.482, 0 )
use_in_baked_light = true
mesh = SubResource( 1 )
material/0 = null

[node name="StaticBody" type="StaticBody" parent="MeshInstance7"]

[node name="CollisionShape" type="CollisionShape" parent="MeshInstance7/StaticBody"]
shape = SubResource( 2 )

[node name="MeshInstance8" type="MeshInstance" parent="."]
editor/display_folded = true
transform = Transform( 1.74524, -0.0999848, 0, 99.9848, 0.00174524, 0, 0, 0, 100, 599.255, 677.194, 0 )
use_in_baked_light = true
mesh = SubResource( 1 )
material/0 = null

[node name="StaticBody" type="StaticBody" parent="MeshInstance8"]

[node name="CollisionShape" type="CollisionShape" parent="MeshInstance8/StaticBody"]
shape = SubResource( 2 )

[node name="DirectionalLight" type="DirectionalLight" parent="."]
transform = Transform( 0.52552, 0.796172, -0.299898, -0.68167, 0.604955, 0.411528, 0.509072, -0.0118347, 0.860642, -23.3783, 21.3955, 31.2645 )
shadow_enabled = true
shadow_bias = 0.05

[node name="WorldEnvironment" type="WorldEnvironment" parent="."]
environment = ExtResource( 1 )

[node name="Car3" parent="." instance=ExtResource( 2 )]
transform = Transform( 1, 0, 0, 0, 1, 0, 0, 0, 1, 0, 2, 0 )
MAX_STEERING_SPEED = 0.003
